[gd_scene load_steps=6 format=2]

[ext_resource path="res://scenes/WordPanel.tscn" type="PackedScene" id=1]
[ext_resource path="res://scripts/SpyGameControl.gd" type="Script" id=2]
[ext_resource path="res://assets/Theme.theme" type="Theme" id=3]
[ext_resource path="res://assets/Font_XL.tres" type="DynamicFont" id=4]
[ext_resource path="res://assets/Font_L.tres" type="DynamicFont" id=5]

[node name="SpyGameControl" type="Node"]
script = ExtResource( 2 )

[node name="CornerVBox" type="VBoxContainer" parent="."]
anchor_left = 0.5
anchor_top = 0.03
anchor_right = 0.98
anchor_bottom = 0.03
margin_bottom = 337.0
theme = ExtResource( 3 )
__meta__ = {
"_edit_use_anchors_": false
}

[node name="PhaseLabel" type="Label" parent="CornerVBox"]
margin_right = 491.0
margin_bottom = 45.0
custom_fonts/font = ExtResource( 4 )
text = "Current Phase"
align = 2
__meta__ = {
"_edit_use_anchors_": false
}

[node name="InfosVBox" type="VBoxContainer" parent="CornerVBox"]
margin_top = 49.0
margin_right = 491.0
margin_bottom = 370.0

[node name="HintLabel" type="Label" parent="CornerVBox/InfosVBox"]
margin_left = 257.0
margin_right = 491.0
margin_bottom = 33.0
hint_tooltip = "Schreibe einen Hinweis zum gesuchten Wort in den Chat"
mouse_filter = 0
mouse_default_cursor_shape = 16
size_flags_horizontal = 8
custom_fonts/font = ExtResource( 5 )
text = "Du bist am Zug! (Hilfe?)"
align = 2
__meta__ = {
"_edit_use_anchors_": false
}

[node name="WaitForHintLabel" type="Label" parent="CornerVBox/InfosVBox"]
margin_left = 177.0
margin_top = 37.0
margin_right = 491.0
margin_bottom = 70.0
hint_tooltip = "Manche Mitspieler haben noch keinen Hinweis abgegeben,"
mouse_filter = 0
mouse_default_cursor_shape = 16
size_flags_horizontal = 8
custom_fonts/font = ExtResource( 5 )
text = "Warte auf die Mitspieler! (Hilfe?)"
align = 2
__meta__ = {
"_edit_use_anchors_": false
}

[node name="VoteLabel" type="Label" parent="CornerVBox/InfosVBox"]
margin_left = 209.0
margin_top = 74.0
margin_right = 491.0
margin_bottom = 107.0
hint_tooltip = "Wähle eine*n Mitspieler*in in der Lobby (links), um abzustimmen."
mouse_filter = 0
mouse_default_cursor_shape = 16
size_flags_horizontal = 8
custom_fonts/font = ExtResource( 5 )
text = "Finde den Wannabe! (Hilfe?)"
align = 2
__meta__ = {
"_edit_use_anchors_": false
}

[node name="WaitForVoteLabel" type="Label" parent="CornerVBox/InfosVBox"]
margin_left = 177.0
margin_top = 111.0
margin_right = 491.0
margin_bottom = 144.0
hint_tooltip = "Du kannst deine Meinung noch ändern bis alle Mitspieler abgestimmt haben."
mouse_filter = 0
mouse_default_cursor_shape = 16
size_flags_horizontal = 8
custom_fonts/font = ExtResource( 5 )
text = "Warte auf die Mitspieler! (Hilfe?)"
align = 2
__meta__ = {
"_edit_use_anchors_": false
}

[node name="GuessLabel" type="Label" parent="CornerVBox/InfosVBox"]
margin_left = 258.0
margin_top = 148.0
margin_right = 491.0
margin_bottom = 181.0
hint_tooltip = "Errate das Geheimwort, indem du es anklickst."
mouse_filter = 0
mouse_default_cursor_shape = 16
size_flags_horizontal = 8
custom_fonts/font = ExtResource( 5 )
text = "Errate das Wort! (Hilfe?)"
align = 2
__meta__ = {
"_edit_use_anchors_": false
}

[node name="WaitForGuessLabel" type="Label" parent="CornerVBox/InfosVBox"]
margin_left = 169.0
margin_top = 185.0
margin_right = 491.0
margin_bottom = 218.0
hint_tooltip = "Der Wannabe kann das Wort noch erraten."
mouse_filter = 0
mouse_default_cursor_shape = 16
size_flags_horizontal = 8
custom_fonts/font = ExtResource( 5 )
text = "Warte auf den Wannabe! (Hilfe?)"
align = 2
__meta__ = {
"_edit_use_anchors_": false
}

[node name="WaitForLeader" type="Label" parent="CornerVBox/InfosVBox"]
margin_left = 136.0
margin_top = 222.0
margin_right = 491.0
margin_bottom = 255.0
hint_tooltip = "Nur der/die Spieler*in, der/die die Lobby gegründet hat, kann eine neue Runde starten."
mouse_filter = 0
mouse_default_cursor_shape = 16
size_flags_horizontal = 8
custom_fonts/font = ExtResource( 5 )
text = "Warte auf Lobby-Gründer*in! (Hilfe?)"
align = 2
__meta__ = {
"_edit_use_anchors_": false
}

[node name="ContinueButton" type="Button" parent="CornerVBox/InfosVBox"]
margin_left = 374.0
margin_top = 259.0
margin_right = 491.0
margin_bottom = 288.0
hint_tooltip = "Neue Runde, aber die Punkte werden beibehalten."
size_flags_horizontal = 8
text = "Weiterspielen"

[node name="SkipButton" type="Button" parent="CornerVBox/InfosVBox"]
margin_left = 294.0
margin_top = 292.0
margin_right = 491.0
margin_bottom = 321.0
hint_tooltip = "Neue Runde, aber die Punkte werden beibehalten."
size_flags_horizontal = 8
text = "Kategorie Überspringen"

[node name="CenterVBox" type="VBoxContainer" parent="."]
anchor_left = 0.2
anchor_top = 0.2
anchor_right = 0.8
anchor_bottom = 0.6
theme = ExtResource( 3 )
__meta__ = {
"_edit_use_anchors_": false
}

[node name="CategoryLabel" type="Label" parent="CenterVBox"]
margin_right = 614.0
margin_bottom = 45.0
custom_fonts/font = ExtResource( 4 )
text = "Category"
align = 1
__meta__ = {
"_edit_use_anchors_": false
}

[node name="CategoryWords" type="GridContainer" parent="CenterVBox"]
margin_left = 101.0
margin_top = 49.0
margin_right = 513.0
margin_bottom = 261.0
size_flags_horizontal = 4
columns = 4
__meta__ = {
"_edit_use_anchors_": false
}

[node name="WordPanel" parent="CenterVBox/CategoryWords" instance=ExtResource( 1 )]
margin_right = 100.0
margin_bottom = 50.0

[node name="WordPanel2" parent="CenterVBox/CategoryWords" instance=ExtResource( 1 )]
margin_left = 104.0
margin_right = 204.0
margin_bottom = 50.0

[node name="WordPanel3" parent="CenterVBox/CategoryWords" instance=ExtResource( 1 )]
margin_left = 208.0
margin_right = 308.0
margin_bottom = 50.0

[node name="WordPanel4" parent="CenterVBox/CategoryWords" instance=ExtResource( 1 )]
margin_left = 312.0
margin_right = 412.0
margin_bottom = 50.0

[node name="WordPanel5" parent="CenterVBox/CategoryWords" instance=ExtResource( 1 )]
margin_top = 54.0
margin_right = 100.0
margin_bottom = 104.0

[node name="WordPanel6" parent="CenterVBox/CategoryWords" instance=ExtResource( 1 )]
margin_left = 104.0
margin_top = 54.0
margin_right = 204.0
margin_bottom = 104.0

[node name="WordPanel7" parent="CenterVBox/CategoryWords" instance=ExtResource( 1 )]
margin_left = 208.0
margin_top = 54.0
margin_right = 308.0
margin_bottom = 104.0

[node name="WordPanel8" parent="CenterVBox/CategoryWords" instance=ExtResource( 1 )]
margin_left = 312.0
margin_top = 54.0
margin_right = 412.0
margin_bottom = 104.0

[node name="WordPanel9" parent="CenterVBox/CategoryWords" instance=ExtResource( 1 )]
margin_top = 108.0
margin_right = 100.0
margin_bottom = 158.0

[node name="WordPanel10" parent="CenterVBox/CategoryWords" instance=ExtResource( 1 )]
margin_left = 104.0
margin_top = 108.0
margin_right = 204.0
margin_bottom = 158.0

[node name="WordPanel11" parent="CenterVBox/CategoryWords" instance=ExtResource( 1 )]
margin_left = 208.0
margin_top = 108.0
margin_right = 308.0
margin_bottom = 158.0

[node name="WordPanel12" parent="CenterVBox/CategoryWords" instance=ExtResource( 1 )]
margin_left = 312.0
margin_top = 108.0
margin_right = 412.0
margin_bottom = 158.0

[node name="WordPanel13" parent="CenterVBox/CategoryWords" instance=ExtResource( 1 )]
margin_top = 162.0
margin_right = 100.0
margin_bottom = 212.0

[node name="WordPanel14" parent="CenterVBox/CategoryWords" instance=ExtResource( 1 )]
margin_left = 104.0
margin_top = 162.0
margin_right = 204.0
margin_bottom = 212.0

[node name="WordPanel15" parent="CenterVBox/CategoryWords" instance=ExtResource( 1 )]
margin_left = 208.0
margin_top = 162.0
margin_right = 308.0
margin_bottom = 212.0

[node name="WordPanel16" parent="CenterVBox/CategoryWords" instance=ExtResource( 1 )]
margin_left = 312.0
margin_top = 162.0
margin_right = 412.0
margin_bottom = 212.0

[node name="RoleLabel" type="Label" parent="CenterVBox"]
margin_top = 265.0
margin_right = 614.0
margin_bottom = 298.0
custom_fonts/font = ExtResource( 5 )
text = "You're a Role!"
align = 1
__meta__ = {
"_edit_use_anchors_": false
}
